<?xml version="1.0" encoding="UTF-8"?><collection xmlns="http://www.loc.gov/MARC21/slim"><record><leader>00609nam--2200229-u-4500</leader><controlfield tag="001">000050411</controlfield><controlfield tag="002">20161230</controlfield><controlfield tag="003">81817</controlfield><controlfield tag="005">20161230201048</controlfield><controlfield tag="008">070313s1000------------r-----000-0-eng-d</controlfield><datafield ind1=" " ind2=" " tag="020"><subfield code="a">3-540-22614-1</subfield></datafield><datafield ind1=" " ind2=" " tag="040"><subfield code="a">IFIN-HH</subfield></datafield><datafield ind1=" " ind2=" " tag="041"><subfield code="a">eng</subfield></datafield><datafield ind1="1" ind2=" " tag="100"><subfield code="a">Kodaira,Kunihiko</subfield></datafield><datafield ind1="1" ind2="0" tag="245"><subfield code="a">Complex Manifolds and Deformation of Complex Structures</subfield></datafield><datafield ind1=" " ind2=" " tag="260"><subfield code="a">Berlin</subfield><subfield code="b">Springer-Verlag</subfield><subfield code="c">1996</subfield></datafield><datafield ind1=" " ind2=" " tag="300"><subfield code="a">465 p</subfield></datafield><datafield ind1=" " ind2=" " tag="490"><subfield code="a">Classics in Mathematics</subfield></datafield><datafield ind1=" " ind2=" " tag="504"><subfield code="a">Includes Index. With 22 illustrations</subfield></datafield><datafield ind1=" " ind2="4" tag="650"><subfield code="a">Complex Manifold</subfield></datafield><datafield ind1=" " ind2=" " tag="852"><subfield code="a">81817</subfield><subfield code="c">513.73</subfield></datafield><datafield ind1=" " ind2=" " tag="CAT"><subfield code="a">Sys</subfield><subfield code="c">20080924</subfield><subfield code="h">094533</subfield></datafield></record></collection>